@online{source1,
  author       = {{Mayo Clinic Staff}},
  title        = {Jet lag disorder},
  year         = {2023},
  url          = {https://www.mayoclinic.org/diseases-conditions/jet-lag/symptoms-causes/syc-20374027},
  urldate      = {2025-10-02}, % the date you accessed it
  organization = {{Mayo Clinic}}
}

@online{source2,
  author       = {Hadley Seward},
  title        = {Jet Lag â€“ Traveling for Competition},
  year         = {2019},
  url          = {https://www.google.com/url?q=https://foreverfitscience.com/recovery/jet-lag-traveling-for-competition/&sa=D&source=docs&ust=1759429799609243&usg=AOvVaw3rArZ8WcH2-RAuZY0RnWlV},
  urldate      = {2025-10-02}, % the date you accessed it
  organization = {ForeverFitScience}
}

@online{source3,
  author       = {Blume, C. and Garbazza, C. and Spitschan, M.},
  title        = {Effects of light on human circadian rhythms, sleep and mood},
  year         = {2019},
  url          = {https://pmc.ncbi.nlm.nih.gov/articles/PMC6751071/},
  urldate      = {2025-10-02}, % the date you accessed it
  organization = {{National Library of Medicine}}
}

@online{source4,
  author       = {Wright, K. P. and Jr, McHill, A. W. and Birks, B. R. and Griffin, B. R. and Rusterholz, T. and Chinoy, E. D.},
  title        = {Entrainment of the Human Circadian Clock to the Natural Light-Dark Cycle},
  year         = {2013},
  url          = {https://pmc.ncbi.nlm.nih.gov/articles/PMC4020279/},
  urldate      = {2025-10-02}, % the date you accessed it
  organization = {{National Library of Medicine}}
}

@article{source5,
title = {Amplitude Effects Allow Short Jet Lags and Large Seasonal Phase Shifts in Minimal Clock Models},
journal = {{Journal of Molecular Biology}},
volume = {432},
number = {12},
pages = {3722-3737},
year = {2020},
note = {Circadian Regulation: from Molecules to Physiology},
issn = {0022-2836},
doi = {https://doi.org/10.1016/j.jmb.2020.01.014},
url = {https://www.sciencedirect.com/science/article/pii/S0022283620300668},
author = {Bharath Ananthasubramaniam and Christoph Schmal and Hanspeter Herzel},
}

@online{source6,
  author       = {St Hilaire, M. A. and Gooley, J. J. and Khalsa, S. B. and Kronauer, R. E. and Czeisler, C. A. and Lockley, S. W.},
  title        = {Human phase response curve to a 1 h pulse of bright white light},
  year         = {2012},
  url          = {https://pmc.ncbi.nlm.nih.gov/articles/PMC3406389/},
  urldate      = {2025-10-02}, % the date you accessed it
  organization = {{National Library of Medicine}}
}

@online{source7,
  author       = {Leproult, R. and Van Cauter, E.},
  title        = {Role of Sleep and Sleep Loss in Hormonal Release and Metabolism},
  year         = {2010},
  url          = {https://pmc.ncbi.nlm.nih.gov/articles/PMC3065172/},
  urldate      = {2025-10-02}, % the date you accessed it
  organization = {{National Library of Medicine}}
}